%% This BibTeX bibliography file was created using BibDesk.
%% http://bibdesk.sourceforge.net/

%% Created for Boris at 2020-06-04 12:39:31 +0300 


%% Saved with string encoding Unicode (UTF-8) 


@comment{jabref-meta: databaseType:bibtex;}



@article{Pauling1934,
	Author = {Pauling, Linus and Neuman, E. W.},
	Date-Added = {2015-11-18 13:19:32 +0000},
	Date-Modified = {2016-03-28 14:35:19 +0000},
	Doi = {10.1524/zkri.1934.88.1.54},
	Journal = {Zeitschrift f{\"u}r Kristallographie-Crystalline Materials},
	Language = english,
	Number = {1},
	Pages = {54--62},
	Title = {The crystal structure of binnite (Cu,Fe)\textsubscript{12}As\textsubscript{4}S\textsubscript{13}, and the chemical composition and structure of minerals of the tetrahedrite group},
	Volume = {88},
	Year = {1934},
	Bdsk-Url-1 = {https://doi.org/10.1524/zkri.1934.88.1.54}}

@article{Wuensc1963,
	Abstract = {The crystal structure of tetrahedrite, proposed in 1934 by Pauling and Neuman, has been confirmed. Least-squares refinement reduced the initial disagreement factor from 27.9 to 4.9 percent. Antimony displays three short orthogonal bonds to sulfur atoms. Two types of copper are tetrahedrally and triangularly coordinated by sulfur, respectively.},
	Author = {Bernhardt J. Wuensch},
	Issn = {00368075, 10959203},
	Journal = {Science},
	Number = {3583},
	Pages = {804--805},
	Publisher = {American Association for the Advancement of Science},
	Title = {Confirmation of the Crystal Structure of Tetrahedrite, Cu\textsubscript{12}Sb\textsubscript{4}S\textsubscript{13}},
	Url = {http://www.jstor.org/stable/1711734},
	Volume = {141},
	Year = {1963},
	Bdsk-Url-1 = {http://www.jstor.org/stable/1711734}}

@article{Pfitzner1997,
	Author = {A. Pfitzner and M. Evain and V. Petricek},
	Doi = {10.1107/s0108768196014024},
	Journal = {Acta Crystallographica Section B Structural Science},
	Month = {jun},
	Number = {3},
	Pages = {337--345},
	Publisher = {International Union of Crystallography ({IUCr})},
	Title = {Cu\textsubscript{12}Sb\textsubscript{4}S\textsubscript{13}: A Temperature-Dependent Structure Investigation},
	Volume = {53},
	Year = {1997},
	Bdsk-Url-1 = {https://doi.org/10.1107/s0108768196014024}}

@article{Nasonova2016,
	Author = {Daria I. Nasonova and Igor A. Presniakov and Alexei V. Sobolev and Valeriy Yu. Verchenko and Alexander A. Tsirlin and Zheng Wei and Evgeny V. Dikarev and Andrei V. Shevelkov},
	Doi = {10.1016/j.jssc.2015.12.015},
	Journal = {Journal of Solid State Chemistry},
	Month = {mar},
	Pages = {28--35},
	Publisher = {Elsevier {BV}},
	Title = {Role of iron in synthetic tetrahedrites revisited},
	Volume = {235},
	Year = {2016},
	Bdsk-Url-1 = {https://doi.org/10.1016/j.jssc.2015.12.015}}

@article{Makovicky2005,
	Author = {Makovicky, Emil and Karanovi{\'c}, Ljiljana and Poleti, Dejan and Bali{\'c}-{\v{Z}}uni{\'c}, Ton{\v{c}}i and Paar, Werner H},
	Date-Added = {2015-11-18 14:22:06 +0000},
	Date-Modified = {2016-03-28 15:50:06 +0000},
	Doi = {10.2113/gscanmin.43.2.679},
	Issn = {0008-4476},
	Journal = {The Canadian Mineralogist},
	Language = english,
	Month = {apr},
	Number = {2},
	Pages = {679--688},
	Publisher = {Mineralogical Association of Canada},
	Title = {Crystal structure of copper-rich unsubstituted tennantite, Cu\textsubscript{12.5}As\textsubscript{4}S\textsubscript{13}},
	Url = {http://www.canmin.org/cgi/doi/10.2113/gscanmin.43.2.679},
	Volume = {43},
	Year = {2005},
	Bdsk-Url-1 = {http://www.canmin.org/cgi/doi/10.2113/gscanmin.43.2.679},
	Bdsk-Url-2 = {https://doi.org/10.2113/gscanmin.43.2.679}}

@article{Makovicky_2006,
	Author = {Makovicky, E.},
	Doi = {10.2138/rmg.2006.61.2},
	Journal = {Reviews in Mineralogy and Geochemistry},
	Language = english,
	Month = {jan},
	Number = {1},
	Pages = {7--125},
	Publisher = {Mineralogical Society of America},
	Title = {Crystal Structures of Sulfides and Other Chalcogenides},
	Volume = {61},
	Year = {2006},
	Bdsk-Url-1 = {https://doi.org/10.2138/rmg.2006.61.2}}

@article{Dudka2016,
	Author = {A. P. Dudka and I. A. Verin and E. S. Smirnova},
	Doi = {10.1134/s1063774516040052},
	Journal = {Crystallography Reports},
	Month = {jul},
	Number = {4},
	Pages = {692--696},
	Publisher = {Pleiades Publishing Ltd},
	Title = {Calibration of CryojetHT and Cobra Plus Cryosystems used in X-ray diffraction studies},
	Volume = {61},
	Year = {2016},
	Bdsk-Url-1 = {https://doi.org/10.1134/s1063774516040052}}

@manual{CrysAlisPro,
	Address = {Oxford, UK},
	Organization = {Rigaku Corporation},
	Title = {Rigaku Oxford Diffraction, CrysAlisPro Software system, version 1.171.39.15e},
	Year = {2016}}

@article{Dudka2010,
	Author = {Alexander Dudka},
	Doi = {10.1107/s0021889810037131},
	Journal = {Journal of Applied Crystallography},
	Month = {oct},
	Number = {6},
	Pages = {1440--1451},
	Publisher = {International Union of Crystallography ({IUCr})},
	Title = {New approaches to scaling data measured on a CCD diffractometer},
	Volume = {43},
	Year = {2010},
	Bdsk-Url-1 = {https://doi.org/10.1107/s0021889810037131}}

@article{Dudka2002,
	Abstract = {A new program for the refinement of models of atomic structures by the X-ray, neutron, and electron diffraction data has been described. The program is based on a special form of the goal function including the term responsible for minimizing the difference between the normalized measurements [the interexperimental minimization (IEM) method] and the adaptive nonlinear algorithm of minimization based on the Lavrent'ev-Levenberg-Marquardt regularization. As a result, it became possible to determine a new solution to the problem different from that obtained by the classical least squares method. To a large extent, the program allows one to overcome the effect of parameter correlations on the procedure of refinement and the results obtained. The test of the program on 17 experimental data sets showed the fast and stable convergence in all the cases. Under the identical initial conditions, the new program provided lower reliability factors for most of the crystals studied.},
	Author = {Dudka, A. P.},
	Day = {01},
	Doi = {10.1134/1.1446925},
	Issn = {1562-689X},
	Journal = {Crystallography Reports},
	Month = {Jan},
	Number = {1},
	Pages = {152--159},
	Title = {Structure analysis by reduced data. IV. IEM---A new program for refinement of structure models of crystals},
	Url = {https://doi.org/10.1134/1.1446925},
	Volume = {47},
	Year = {2002},
	Bdsk-Url-1 = {https://doi.org/10.1134/1.1446925}}

@article{Dudka2016_b,
	Abstract = {An accurate X-ray diffraction study of Ca3TaGa3Si2O14 single crystal has been performed using two datasets obtained on a diffractometer equipped with a CCD area detector (a = 8.1056(2) {\AA}, c = 4.9800(1) {\AA}, sp. gr. P321, Z = 1, R/wR = 0.486/0.488{\%}). A model structure is determined which is characterized by a high degree of reproducibility of structural parameters. Each site in Ca3TaGa3Si2O14 is occupied by atoms of only one type. Nevertheless, its structural feature is asymmetric disordering of sites of Ca, Ta, Ga, and two out of three oxygen atoms occupying special and general sites. A transition of some part of Ca atoms ({\textasciitilde}3{\%}) from 3e sites on the twofold symmetry axis to general 6g sites is revealed.},
	Author = {Dudka, A. P.},
	Day = {01},
	Doi = {10.1134/S1063774516020073},
	Issn = {1562-689X},
	Journal = {Crystallography Reports},
	Month = {Mar},
	Number = {2},
	Pages = {187--192},
	Title = {Accurate structural study of langasite-family Ca\textsubscript{3}TaGa\textsubscript{3}Si\textsubscript{2}O\textsubscript{14} crystal},
	Url = {https://doi.org/10.1134/S1063774516020073},
	Volume = {61},
	Year = {2016},
	Bdsk-Url-1 = {https://doi.org/10.1134/S1063774516020073}}

@article{Dusek2001,
	Author = {M. Du{\v{s}}ek and V. Pet{\v{r}}{\'{\i}}{\v{c}}ek and M. Wunschel and R. E. Dinnebier and S. van Smaalen},
	Doi = {10.1107/s0021889801003302},
	Journal = {Journal of Applied Crystallography},
	Month = {may},
	Number = {3},
	Pages = {398--404},
	Publisher = {International Union of Crystallography ({IUCr})},
	Title = {Refinement of modulated structures against X-ray powder diffraction data with JANA2000},
	Volume = {34},
	Year = {2001},
	Bdsk-Url-1 = {https://doi.org/10.1107/s0021889801003302}}

@article{Burla2003,
	Author = {Maria C. Burla and Mercedes Camalli and Benedetta Carrozzini and Giovanni L. Cascarano and Carmelo Giacovazzo and Giampiero Polidori and Riccardo Spagna},
	Doi = {10.1107/s0021889803012585},
	Journal = {Journal of Applied Crystallography},
	Month = {jul},
	Number = {4},
	Pages = {1103--1103},
	Publisher = {International Union of Crystallography ({IUCr})},
	Title = {{SIR}2002: the program},
	Volume = {36},
	Year = {2003},
	Bdsk-Url-1 = {https://doi.org/10.1107/s0021889803012585}}
  
@article{Sootsman2009,
  doi = {10.1002/anie.200900598},
  url = {https://doi.org/10.1002/anie.200900598},
  year = {2009},
  month = nov,
  publisher = {Wiley},
  volume = {48},
  number = {46},
  pages = {8616--8639},
  author = {Joseph{\hspace{0.25em}}R. Sootsman and Duck{\hspace{0.25em}}Young Chung and Mercouri{\hspace{0.25em}}G. Kanatzidis},
  title = {New and Old Concepts in Thermoelectric Materials},
  journal = {Angewandte Chemie International Edition}
}

@article{Chetty2015,
  doi = {10.1039/c5tc02537k},
  url = {https://doi.org/10.1039/c5tc02537k},
  year = {2015},
  publisher = {Royal Society of Chemistry ({RSC})},
  volume = {3},
  number = {48},
  pages = {12364--12378},
  author = {R. Chetty and A. Bali and R. C. Mallik},
  title = {Tetrahedrites as thermoelectric materials: an overview},
  journal = {Journal of Materials Chemistry C}
}

@article{Qiu2016,
  doi = {10.1016/j.ensm.2016.01.009},
  url = {https://doi.org/10.1016/j.ensm.2016.01.009},
  year = {2016},
  month = apr,
  publisher = {Elsevier {BV}},
  volume = {3},
  pages = {85--97},
  author = {Pengfei Qiu and Xun Shi and Lidong Chen},
  title = {Cu-based thermoelectric materials},
  journal = {Energy Storage Materials}
}

@article{Lai2015,
  doi = {10.1002/adfm.201500766},
  url = {https://doi.org/10.1002/adfm.201500766},
  year = {2015},
  month = may,
  publisher = {Wiley},
  volume = {25},
  number = {24},
  pages = {3648--3657},
  author = {Wei Lai and Yuxing Wang and Donald T. Morelli and Xu Lu},
  title = {From Bonding Asymmetry to Anharmonic Rattling in Cu\textsubscript{12}Sb\textsubscript{4}S\textsubscript{13}Tetrahedrites: When Lone-Pair Electrons Are Not So Lonely},
  journal = {Advanced Functional Materials}
}

@article{May2016,
  doi = {10.1103/physrevb.93.064104},
  url = {https://doi.org/10.1103/physrevb.93.064104},
  year = {2016},
  month = feb,
  publisher = {American Physical Society ({APS})},
  volume = {93},
  number = {6},
  author = {A. F. May and O. Delaire and J. L. Niedziela and E. Lara-Curzio and M. A. Susner and D. L. Abernathy and M. Kirkham and M. A. McGuire},
  title = {Structural phase transition and phonon instability in Cu\textsubscript{12}Sb\textsubscript{4}S\textsubscript{13}},
  journal = {Physical Review B}
}

@article{Bouyrie2015,
  doi = {10.1039/c5cp02900g},
  url = {https://doi.org/10.1039/c5cp02900g},
  year = {2015},
  publisher = {Royal Society of Chemistry ({RSC})},
  volume = {17},
  number = {30},
  pages = {19751--19758},
  author = {Y. Bouyrie and C. Candolfi and S. Pailh{\`{e}}s and M. M. Koza and B. Malaman and A. Dauscher and J. Tobola and O. Boisron and L. Saviot and B. Lenoir},
  title = {From crystal to glass-like thermal conductivity in crystalline minerals},
  journal = {Physical Chemistry Chemical Physics}
}

@Article{DiBenedetto2005,
  author        = {Di Benedetto, F. and Bernardini, G.P. and Cipriani, C. and Emiliani, C. and Gatteschi, D. and Romanelli, M.},
  title         = {The distribution of Cu(II) and the magnetic properties of the synthetic analogue of tetrahedrite: ${Cu_{12}Sb_{4}S_{13}}$},
  journal       = {Physics and Chemistry of Minerals},
  year          = {2005},
  language      = english,
  volume        = {32},
  number        = {3},
  pages         = {155-164},
  issn          = {0342-1791},
  doi           = {10.1007/s00269-005-0449-8},
  date-added    = {2015-10-10 11:10:47 +0000},
  date-modified = {2016-03-28 16:27:25 +0000},
  keywords      = {EPR; SQUID; ESE; Cu(II) distribution; Antiferromagnetic transition},
  publisher     = {Springer-Verlag},
}

@Article{Tanaka2015,
  author        = {Tanaka, Hiromi. I. and Suekuni, Koichiro and Umeo, Kazunori and Nagasaki, Toshiki and Sato, Hitoshi and Kutluk, Galif and Nishibori, Eiji and Kasai, Hidetaka and Takabatake, Toshiro},
  title         = {Metal--Semiconductor Transition Concomitant with a Structural Transformation in Tetrahedrite ${Cu_{12}Sb_{4}S_{13}}$},
  journal       = {Journal of the Physical Society of Japan},
  year          = {2015},
  language      = english,
  volume        = {85},
  number        = {1},
  month         = {jan},
  pages         = {014703},
  issn          = {0031-9015},
  doi           = {10.7566/JPSJ.85.014703},
  url           = {http://journals.jps.jp/doi/10.7566/JPSJ.85.014703},
  publisher     = {The Physical Society of Japan},
}

@Article{yaroslavzev2019,
author   = {Yaroslavzev, Alexey and
Mironov, Andrei and
Kuznetsov, Alexey and
Dudka, Alexander and
Khrykina, Olga},
title    = {Tennantite: Multi-temperature crystal structure, phase transition, and electronic structure of synthetic ${Cu_{12}As_{4}S_{13}}$},
journal  = {Acta Crystallographica Section B},
year     = {2019},
volume = {75},
number = {4},
pages = {634--642},
month = {Aug},
doi      = {10.1107/S2052520619007595},
url = {https://doi.org/10.1107/S2052520619007595}
}

@Article{Blandy_2018,
  author    = {Blandy, Jack N. and Liu, Shuai and Smura, Catherine F. and Cassidy, Simon J. and Woodruff, Daniel N. and McGrady, John E. and Clarke, Simon J.},
  title     = {Synthesis, Structure, and Properties of the Layered Oxide Chalcogenides Sr\textsubscript{2}CuO\textsubscript{2}Cu\textsubscript{2}S\textsubscript{2} and Sr\textsubscript{2}CuO\textsubscript{2}Cu\textsubscript{2}Se\textsubscript{2}},
  journal   = {Inorganic Chemistry},
  year      = {2018},
  volume    = {57},
  number    = {24},
  month     = {nov},
  pages     = {15379--15388},
  doi       = {10.1021/acs.inorgchem.8b02698},
  publisher = {American Chemical Society ({ACS})},
}

@article{Hathwar2019,
  doi = {10.1021/acs.cgd.9b00385},
  url = {https://doi.org/10.1021/acs.cgd.9b00385},
  year = {2019},
  month = may,
  publisher = {American Chemical Society ({ACS})},
  volume = {19},
  number = {7},
  pages = {3979--3988},
  author = {Venkatesha R. Hathwar and Atsushi Nakamura and Hidetaka Kasai and Koichiro Suekuni and Hiromi I. Tanaka and Toshiro Takabatake and Bo B. Iversen and Eiji Nishibori},
  title = {Low-Temperature Structural Phase Transitions in Thermoelectric Tetrahedrite,  Cu\textsubscript{12}Sb\textsubscript{4}S\textsubscript{13},  and Tennantite,  Cu\textsubscript{12}As\textsubscript{4}S\textsubscript{13}},
  journal = {Crystal Growth {\&} Design}
}

@article{Nasonova2016_2,
  doi = {10.1021/acs.chemmater.6b02720},
  url = {https://doi.org/10.1021/acs.chemmater.6b02720},
  year = {2016},
  month = sep,
  publisher = {American Chemical Society ({ACS})},
  volume = {28},
  number = {18},
  pages = {6621--6627},
  author = {Daria I. Nasonova and Valeriy Yu. Verchenko and Alexander A. Tsirlin and Andrei V. Shevelkov},
  title = {Low-Temperature Structure and Thermoelectric Properties of Pristine Synthetic Tetrahedrite Cu\textsubscript{12}Sb\textsubscript{4}S\textsubscript{13}},
  journal = {Chemistry of Materials}
}

@article{Dudka2019,
  doi = {10.1107/s1600576719005818},
  url = {https://doi.org/10.1107/s1600576719005818},
  year = {2019},
  month = jun,
  publisher = {International Union of Crystallography ({IUCr})},
  volume = {52},
  number = {3},
  pages = {690--692},
  author = {A. P. Dudka and N. B. Bolotina and O. N. Khrykina},
  title = {{DebyeFit}: a simple tool to obtain an appropriate model of atomic vibrations in solids from atomic displacement parameters obtained at different temperatures},
  journal = {Journal of Applied Crystallography}
}

@article{Dudka2016_2,
  doi = {10.1134/s1063774516040052},
  url = {https://doi.org/10.1134/s1063774516040052},
  year = {2016},
  month = jul,
  publisher = {Pleiades Publishing Ltd},
  volume = {61},
  number = {4},
  pages = {692--696},
  author = {A. P. Dudka and I. A. Verin and E. S. Smirnova},
  title = {Calibration of {CryojetHT} and Cobra Plus Cryosystems used in X-ray diffraction studies},
  journal = {Crystallography Reports}
}

@article{Kohn1965,
  doi = {10.1103/physrev.140.a1133},
  url = {https://doi.org/10.1103/physrev.140.a1133},
  year = {1965},
  month = nov,
  publisher = {American Physical Society ({APS})},
  volume = {140},
  number = {4A},
  pages = {A1133--A1138},
  author = {W. Kohn and L. J. Sham},
  title = {Self-Consistent Equations Including Exchange and Correlation Effects},
  journal = {Physical Review}
}

@article{Perdew1996,
  doi = {10.1103/physrevlett.77.3865},
  url = {https://doi.org/10.1103/physrevlett.77.3865},
  year = {1996},
  month = oct,
  publisher = {American Physical Society ({APS})},
  volume = {77},
  number = {18},
  pages = {3865--3868},
  author = {John P. Perdew and Kieron Burke and Matthias Ernzerhof},
  title = {Generalized Gradient Approximation Made Simple},
  journal = {Physical Review Letters}
}

@article{Blchl1994,
  doi = {10.1103/physrevb.50.17953},
  url = {https://doi.org/10.1103/physrevb.50.17953},
  year = {1994},
  month = dec,
  publisher = {American Physical Society ({APS})},
  volume = {50},
  number = {24},
  pages = {17953--17979},
  author = {P. E. Bl\"{o}chl},
  title = {Projector augmented-wave method},
  journal = {Physical Review B}
}

@article{Kresse1996,
  doi = {10.1016/0927-0256(96)00008-0},
  url = {https://doi.org/10.1016/0927-0256(96)00008-0},
  year = {1996},
  month = jul,
  publisher = {Elsevier {BV}},
  volume = {6},
  number = {1},
  pages = {15--50},
  author = {G. Kresse and J. Furthm\"{u}ller},
  title = {Efficiency of ab-initio total energy calculations for metals and semiconductors using a plane-wave basis set},
  journal = {Computational Materials Science}
}

@article{Kresse1996-2,
  doi = {10.1103/physrevb.54.11169},
  url = {https://doi.org/10.1103/physrevb.54.11169},
  year = {1996},
  month = oct,
  publisher = {American Physical Society ({APS})},
  volume = {54},
  number = {16},
  pages = {11169--11186},
  author = {G. Kresse and J. Furthm\"{u}ller},
  title = {Efficient iterative schemes forab initiototal-energy calculations using a plane-wave basis set},
  journal = {Physical Review B}
}

@article{Kresse1993,
  doi = {10.1103/physrevb.47.558},
  url = {https://doi.org/10.1103/physrevb.47.558},
  year = {1993},
  month = jan,
  publisher = {American Physical Society ({APS})},
  volume = {47},
  number = {1},
  pages = {558--561},
  author = {G. Kresse and J. Hafner},
  title = {Ab initiomolecular dynamics for liquid metals},
  journal = {Physical Review B}
}

@article{Kresse1994,
  doi = {10.1103/physrevb.49.14251},
  url = {https://doi.org/10.1103/physrevb.49.14251},
  year = {1994},
  month = may,
  publisher = {American Physical Society ({APS})},
  volume = {49},
  number = {20},
  pages = {14251--14269},
  author = {G. Kresse and J. Hafner},
  title = {Ab initiomolecular-dynamics simulation of the liquid-metal{\textendash}amorphous-semiconductor transition in germanium},
  journal = {Physical Review B}
}

@article{Monkhorst1976,
  doi = {10.1103/physrevb.13.5188},
  url = {https://doi.org/10.1103/physrevb.13.5188},
  year = {1976},
  month = jun,
  publisher = {American Physical Society ({APS})},
  volume = {13},
  number = {12},
  pages = {5188--5192},
  author = {Hendrik J. Monkhorst and James D. Pack},
  title = {Special points for Brillouin-zone integrations},
  journal = {Physical Review B}
}

@article{Nord2017,
  doi = {10.1186/s40679-017-0042-5},
  url = {https://doi.org/10.1186/s40679-017-0042-5},
  year = {2017},
  month = feb,
  publisher = {Springer Science and Business Media {LLC}},
  volume = {3},
  number = {1},
  author = {Magnus Nord and Per Erik Vullum and Ian MacLaren and Thomas Tybell and Randi Holmestad},
  title = {Atomap: a new software tool for the automated analysis of atomic resolution images using two-dimensional Gaussian fitting},
  journal = {Advanced Structural and Chemical Imaging}
}

@misc{LMFIT,
  doi = {10.5281/ZENODO.11813},
  url = {https://zenodo.org/record/11813},
  author = {Newville,  Matthew and Stensitzki,  Till and Allen,  Daniel B. and Ingargiola,  Antonino},
  keywords = {python,  non-linear least-squares optimization,  curve-fitting},
  title = {LMFIT: Non-Linear Least-Square Minimization and Curve-Fitting for Python},
  publisher = {Zenodo},
  year = {2014}
}

@article{Kharbish2007,
  doi = {10.1127/0935-1221/2007/0019-1737},
  url = {https://doi.org/10.1127/0935-1221/2007/0019-1737},
  year = {2007},
  month = sep,
  publisher = {Schweizerbart},
  volume = {19},
  number = {4},
  pages = {567--574},
  author = {Sherif Kharbish and Eugen Libowitzky and Anton Beran},
  title = {The effect of As-Sb substitution in the Raman spectra of tetrahedrite-tennantite and pyrargyrite-proustite solid solutions},
  journal = {European Journal of Mineralogy}
}

@article{Buzatu2017,
  doi = {10.1016/j.vibspec.2017.01.002},
  url = {https://doi.org/10.1016/j.vibspec.2017.01.002},
  year = {2017},
  month = mar,
  publisher = {Elsevier {BV}},
  volume = {89},
  pages = {49--56},
  author = {Andrei Buzatu and Gheorghe Damian and Nicolae Buzgar and Peter Andr{\'{a}}{\v{s}} and Andrei Ionut Apopei and Andreea Elena Maftei and Stanislava Milovsk{\'{a}}},
  title = {Structural key features of bismuth and Sb-As sulfosalts from hydrothermal deposits{\textemdash}micro-Raman spectrometry},
  journal = {Vibrational Spectroscopy}
}

@article{Becker1975,
  doi = {10.1107/s0567739475000976},
  url = {https://doi.org/10.1107/s0567739475000976},
  year = {1975},
  month = jul,
  publisher = {International Union of Crystallography ({IUCr})},
  volume = {31},
  number = {4},
  pages = {417--425},
  author = {P. J. Becker and P. Coppens},
  title = {Extinction within the limit of validity of the Darwin transfer equations. {III}. Non-spherical crystals and anisotropy of extinction},
  journal = {Acta Crystallographica Section A}
}

@article{Trueblood1996,
  doi = {10.1107/s0108767396005697},
  url = {https://doi.org/10.1107/s0108767396005697},
  year = {1996},
  month = sep,
  publisher = {International Union of Crystallography ({IUCr})},
  volume = {52},
  number = {5},
  pages = {770--781},
  author = {K. N. Trueblood and H. B. B\"{u}rgi and H. Burzlaff and J. D. Dunitz and C. M. Gramaccioli and H. H. Schulz and U. Shmueli and S. C. Abrahams},
  title = {Atomic Dispacement Parameter Nomenclature. Report of a Subcommittee on Atomic Displacement Parameter Nomenclature},
  journal = {Acta Crystallographica Section A Foundations of Crystallography}
}

@article{Bentien2005,
  doi = {10.1103/physrevb.71.144107},
  url = {https://doi.org/10.1103/physrevb.71.144107},
  year = {2005},
  month = apr,
  publisher = {American Physical Society ({APS})},
  volume = {71},
  number = {14},
  author = {A. Bentien and E. Nishibori and S. Paschen and B. B. Iversen},
  title = {Crystal structures,  atomic vibration,  and disorder of the type-I thermoelectric {clathratesBa}8Ga16Si30, Ba8Ga16Ge30, Ba8In16Ge30,  {andSr}8Ga16Ge30},
  journal = {Physical Review B}
}

@article{Nakatsuka2011,
  doi = {10.2138/am.2011.3714},
  url = {https://doi.org/10.2138/am.2011.3714},
  year = {2011},
  month = sep,
  publisher = {Mineralogical Society of America},
  volume = {96},
  number = {10},
  pages = {1593--1605},
  author = {A. Nakatsuka and M. Shimokawa and N. Nakayama and O. Ohtaka and H. Arima and M. Okube and A. Yoshiasa},
  title = {Static disorders of atoms and experimental determination of Debye temperature in pyrope: Low- and high-temperature single-crystal X-ray diffraction study},
  journal = {American Mineralogist}
}

@book{willis1975thermal,
  title={Thermal Vibrations in Crystallography},
  author={Willis, B.T.M. and Pryor, A.W.},
  isbn={9780521204477},
  lccn={73094357},
  url={https://books.google.ru/books?id=66yIQgAACAAJ},
  year={1975},
  publisher={Cambridge University Press}
}

@article{Dudka2002,
  doi = {10.1134/1.1446924},
  url = {https://doi.org/10.1134/1.1446924},
  year = {2002},
  month = jan,
  publisher = {Pleiades Publishing Ltd},
  volume = {47},
  number = {1},
  pages = {145--151},
  author = {A. P. Dudka},
  title = {Structure analysis by reduced data. {III}. Method of interexperimental minimization},
  journal = {Crystallography Reports}
}

@article{Long2020,
  doi = {10.1002/adfm.201909409},
  url = {https://doi.org/10.1002/adfm.201909409},
  year = {2020},
  month = feb,
  publisher = {Wiley},
  volume = {30},
  number = {12},
  pages = {1909409},
  author = {Sebastian O. Long and Anthony V. Powell and Stephen Hull and Fabio Orlandi and Chiu C. Tang and Andrew R. Supka and Marco Fornari and Paz Vaqueiro},
  title = {Jahn{\textendash}Teller Driven Electronic Instability in Thermoelectric Tetrahedrite},
  journal = {Advanced Functional Materials}
}

@article{Momma2011,
  doi = {10.1107/s0021889811038970},
  url = {https://doi.org/10.1107/s0021889811038970},
  year = {2011},
  month = oct,
  publisher = {International Union of Crystallography ({IUCr})},
  volume = {44},
  number = {6},
  pages = {1272--1276},
  author = {Koichi Momma and Fujio Izumi},
  title = {{VESTA}{\hspace{0.25em}}3for three-dimensional visualization of crystal,  volumetric and morphology data},
  journal = {Journal of Applied Crystallography}
}

@article{Mishra2017,
  doi = {10.7567/apex.10.045601},
  url = {https://doi.org/10.7567/apex.10.045601},
  year = {2017},
  month = mar,
  publisher = {{IOP} Publishing},
  volume = {10},
  number = {4},
  pages = {045601},
  author = {Tara Prasad Mishra and Mikio Koyano and Yoshifumi Oshima},
  title = {Detection of large thermal vibration for Cu atoms in tetrahedrite by high-angle annular dark-field imaging},
  journal = {Applied Physics Express}
}

@article{Suekuni2019,
  doi = {10.1039/c8ta08248k},
  url = {https://doi.org/10.1039/c8ta08248k},
  year = {2019},
  publisher = {Royal Society of Chemistry ({RSC})},
  volume = {7},
  number = {1},
  pages = {228--235},
  author = {Koichiro Suekuni and Yuta Shimizu and Eiji Nishibori and Hidetaka Kasai and Hikaru Saito and Daichi Yoshimoto and Katsuaki Hashikuni and Yohan Bouyrie and Raju Chetty and Michihiro Ohta and Emmanuel Guilmeau and Toshiro Takabatake and Kosuke Watanabe and Michitaka Ohtaki},
  title = {Atomic-scale phonon scatterers in thermoelectric colusites with a tetrahedral framework structure},
  journal = {Journal of Materials Chemistry A}
}

@article{DiPaola2020,
  doi = {10.1103/physrevresearch.2.033055},
  url = {https://doi.org/10.1103/physrevresearch.2.033055},
  year = {2020},
  month = jul,
  publisher = {American Physical Society ({APS})},
  volume = {2},
  number = {3},
  author = {Cono Di Paola and Francesco Macheda and Savio Laricchia and Cedric Weber and Nicola Bonini},
  title = {First-principles study of electronic transport and structural properties of 
		Cu12Sb4S13
		 in its high-temperature phase},
  journal = {Physical Review Research}
}