@comment{jabref-meta: databaseType:bibtex;}

@article{Dudka2016_2,
  doi = {10.1134/s1063774516040052},
  url = {https://doi.org/10.1134/s1063774516040052},
  year = {2016},
  month = jul,
  publisher = {Pleiades Publishing Ltd},
  volume = {61},
  number = {4},
  pages = {692--696},
  author = {A. P. Dudka and I. A. Verin and E. S. Smirnova},
  title = {Calibration of {CryojetHT} and Cobra Plus Cryosystems used in X-ray diffraction studies},
  journal = {Crystallography Reports}
}

@article{Dudka2010,
  doi = {10.1107/s0021889810037131},
  url = {https://doi.org/10.1107/s0021889810037131},
  year = {2010},
  month = oct,
  publisher = {International Union of Crystallography ({IUCr})},
  volume = {43},
  number = {6},
  pages = {1440--1451},
  author = {Alexander Dudka},
  title = {New approaches to scaling data measured on a {CCD} diffractometer},
  journal = {Journal of Applied Crystallography}
}

@article{Busing1957,
  doi = {10.1107/s0365110x57000584},
  url = {https://doi.org/10.1107/s0365110x57000584},
  year = {1957},
  month = mar,
  publisher = {International Union of Crystallography ({IUCr})},
  volume = {10},
  number = {3},
  pages = {180--182},
  author = {W. R. Busing and H. A. Levy},
  title = {High-speed computation of the absorption correction for single-crystal diffraction measurements},
  journal = {Acta Crystallographica}
}

@article{Dudka2010_2,
  doi = {10.1107/s0021889809051577},
  url = {https://doi.org/10.1107/s0021889809051577},
  year = {2010},
  month = jan,
  publisher = {International Union of Crystallography ({IUCr})},
  volume = {43},
  number = {1},
  pages = {27--32},
  author = {Alexander Dudka},
  title = {Refinement of the $\lambda$/2 contribution to {CCD} detector data},
  journal = {Journal of Applied Crystallography}
}

@article{Becker1974,
  doi = {10.1107/s0567739474000337},
  url = {https://doi.org/10.1107/s0567739474000337},
  year = {1974},
  month = mar,
  publisher = {International Union of Crystallography ({IUCr})},
  volume = {30},
  number = {2},
  pages = {129--147},
  author = {P. J. Becker and P. Coppens},
  title = {Extinction within the limit of validity of the Darwin transfer equations. I. General formalism for primary and secondary extinction and their applications to spherical crystals},
  journal = {Acta Crystallographica Section A}
}

@article{Petek2014,
  doi = {10.1515/zkri-2014-1737},
  url = {https://doi.org/10.1515/zkri-2014-1737},
  year = {2014},
  month = jan,
  publisher = {Walter de Gruyter {GmbH}},
  volume = {229},
  number = {5},
  author = {V{\'{a}}clav Pet{\v{r}}{\'{\i}}{\v{c}}ek and Michal Du{\v{s}}ek and Luk{\'{a}}{\v{s}} Palatinus},
  title = {Crystallographic Computing System {JANA}2006: General features},
  journal = {Zeitschrift f\"{u}r Kristallographie - Crystalline Materials}
}

@article{Dudka2007,
  doi = {10.1107/s0021889807010618},
  url = {https://doi.org/10.1107/s0021889807010618},
  year = {2007},
  month = may,
  publisher = {International Union of Crystallography ({IUCr})},
  volume = {40},
  number = {3},
  pages = {602--608},
  author = {Alexander Dudka},
  title = {{ASTRA}{\textendash} a program package for accurate structure analysis by the intermeasurement minimization method},
  journal = {Journal of Applied Crystallography}
}

@article{Momma2011,
  doi = {10.1107/s0021889811038970},
  url = {https://doi.org/10.1107/s0021889811038970},
  year = {2011},
  month = oct,
  publisher = {International Union of Crystallography ({IUCr})},
  volume = {44},
  number = {6},
  pages = {1272--1276},
  author = {Koichi Momma and Fujio Izumi},
  title = {{VESTA}{\hspace{0.25em}}3for three-dimensional visualization of crystal,  volumetric and morphology data},
  journal = {Journal of Applied Crystallography}
}

@book{willis1975thermal,
  title={Thermal Vibrations in Crystallography},
  author={Willis, B.T.M. and Pryor, A.W.},
  isbn={9780521204477},
  lccn={73094357},
  url={https://books.google.ru/books?id=66yIQgAACAAJ},
  year={1975},
  publisher={Cambridge University Press}
}

@article{Brgi2000,
  doi = {10.1107/s0108767300005626},
  url = {https://doi.org/10.1107/s0108767300005626},
  year = {2000},
  month = sep,
  publisher = {International Union of Crystallography ({IUCr})},
  volume = {56},
  number = {5},
  pages = {403--412},
  author = {H. B. B\"{u}rgi and S. C. Capelli},
  title = {Dynamics of molecules in crystals from multi-temperature anisotropic displacement parameters. I. Theory},
  journal = {Acta Crystallographica Section A Foundations of Crystallography}
}

@article{Hoser2016,
  doi = {10.1107/s2053273315024699},
  url = {https://doi.org/10.1107/s2053273315024699},
  year = {2016},
  month = feb,
  publisher = {International Union of Crystallography ({IUCr})},
  volume = {72},
  number = {2},
  pages = {206--214},
  author = {Anna A. Hoser and Anders {\O}. Madsen},
  title = {Dynamic quantum crystallography: lattice-dynamical models refined against diffraction data. I. Theory},
  journal = {Acta Crystallographica Section A Foundations and Advances}
}

@article{Trueblood1996,
  doi = {10.1107/s0108767396005697},
  url = {https://doi.org/10.1107/s0108767396005697},
  year = {1996},
  month = sep,
  publisher = {International Union of Crystallography ({IUCr})},
  volume = {52},
  number = {5},
  pages = {770--781},
  author = {K. N. Trueblood and H. B. B\"{u}rgi and H. Burzlaff and J. D. Dunitz and C. M. Gramaccioli and H. H. Schulz and U. Shmueli and S. C. Abrahams},
  title = {Atomic Dispacement Parameter Nomenclature. Report of a Subcommittee on Atomic Displacement Parameter Nomenclature},
  journal = {Acta Crystallographica Section A Foundations of Crystallography}
}

@article{Einstein1907,
  doi = {10.1002/andp.19063270110},
  url = {https://doi.org/10.1002/andp.19063270110},
  year = {1907},
  publisher = {Wiley},
  volume = {327},
  number = {1},
  pages = {180--190},
  author = {A. Einstein},
  title = {Die Plancksche Theorie der Strahlung und die Theorie der spezifischen W\"{a}rme},
  journal = {Annalen der Physik}
}

@article{Dudka2019,
  doi = {10.1107/s1600576719005818},
  url = {https://doi.org/10.1107/s1600576719005818},
  year = {2019},
  month = jun,
  publisher = {International Union of Crystallography ({IUCr})},
  volume = {52},
  number = {3},
  pages = {690--692},
  author = {A. P. Dudka and N. B. Bolotina and O. N. Khrykina},
  title = {{DebyeFit}: a simple tool to obtain an appropriate model of atomic vibrations in solids from atomic displacement parameters obtained at different temperatures},
  journal = {Journal of Applied Crystallography}
}

@MISC{Rigaku, 
   author       = {{Rigaku Oxford Diffraction}}, 
   title        = {{CrysAlisPro Software System}, version 1.171.39.46}, 
   howpublished = {Rigaku Corporation, Oxford, UK}, 
   year         = {2018}
}

@MISC{Diamont, 
   author       = {K. Brandenburg}, 
   title        = {{Diamond}, version 3.1}, 
   howpublished = {Crystal Impact GbR, Bonn, Germany}, 
   year         = {1999}
}

@article{KPrz1916,
  doi = {10.1007/bf01726746},
  url = {https://doi.org/10.1007/bf01726746},
  year = {1916},
  month = dec,
  publisher = {Springer Science and Business Media {LLC}},
  volume = {27},
  number = {1},
  pages = {19--60},
  author = {K. Prz.},
  title = {Mathematische Vorlesungen an der Universit\"{a}t G\"{o}ttingen: {VI}. Vortr\"{a}ge \"{u}ber die kinetische Theorie der Materie und der Elektrizit\"{a}t},
  journal = {Monatshefte f\"{u}r Mathematik und Physik}
}


@inBook{Debye1914,
	Address = {Leipzig, Berlin},
	Author = {Lorentz, H. A. and Sommerfeld, Arnold and Smoluchowski, Marian and Nernst, Walther and Debye, Peter J. W. and Planck, Max},
	Id = {001478644},
	Keywords = {Electricity; Matter},
	Pages = {19--60},
	Publisher = {B.G. Teubner},
	Title = {Vortr{\"a}ge {\"u}ber die kinetische theorie der materie und der elektrizit{\"a}t, gehalten in G{\"o}ttingen auf einladung der Kommission der Wolfskehlstiftung},
	Title1 = {Mathematische vorlesungen an der Universit{\"a}t G{\"o}ttingen:VI},
	Year = {1914},
  }

@Article{yaroslavzev2019,
author   = {Yaroslavzev, Alexey and
Mironov, Andrei and
Kuznetsov, Alexey and
Dudka, Alexander and
Khrykina, Olga},
title    = {Tennantite: Multi-temperature crystal structure, phase transition, and electronic structure of synthetic ${Cu_{12}As_{4}S_{13}}$},
journal  = {Acta Crystallographica Section B},
year     = {2019},
volume = {75},
number = {4},
pages = {634--642},
month = {Aug},
doi      = {10.1107/S2052520619007595},
url = {https://doi.org/10.1107/S2052520619007595}
}



